<record><leader>00000cas a22000007a 4500</leader><controlfield tag="001">17694978</controlfield><controlfield tag="008">880329d18971898ohuir ne      0    0eng d</controlfield><datafield ind1=" " ind2=" " tag="010"><subfield code="a">sn 88078381 </subfield></datafield><datafield ind1=" " ind2=" " tag="040"><subfield code="a">ONP</subfield><subfield code="b">eng</subfield><subfield code="c">ONP</subfield><subfield code="d">OCLCQ</subfield></datafield><datafield ind1=" " ind2=" " tag="042"><subfield code="a">msc</subfield></datafield><datafield ind1="0" ind2=" " tag="130"><subfield code="a">Tri-weekly telegram (Youngstown, Ohio)</subfield></datafield><datafield ind1="1" ind2="4" tag="245"><subfield code="a">The Tri-weekly telegram.</subfield></datafield><datafield ind1="3" ind2="0" tag="246"><subfield code="a">Triweekly telegram</subfield></datafield><datafield ind1=" " ind2=" " tag="260"><subfield code="a">Youngstown, O. [Ohio] :</subfield><subfield code="b">Youngstown Print. Co.,</subfield><subfield code="c">1897-1898.</subfield></datafield><datafield ind1=" " ind2=" " tag="310"><subfield code="a">Triweekly</subfield></datafield><datafield ind1="0" ind2=" " tag="362"><subfield code="a">Vol. 46, no. 35 (May 3, 1897)-v. 47, no. 35 (Mar. 23, 1898).</subfield></datafield><datafield ind1=" " ind2=" " tag="580"><subfield code="a">Also published a daily edition called: Youngstown telegram (Youngstown, Ohio : 1892).</subfield></datafield><datafield ind1=" " ind2=" " tag="752"><subfield code="a">United States</subfield><subfield code="b">Ohio</subfield><subfield code="c">Mahoning</subfield><subfield code="d">Youngstown.</subfield></datafield><datafield ind1="1" ind2=" " tag="775"><subfield code="t">Youngstown telegram (Youngstown, Ohio : 1892)</subfield><subfield code="w">(DLC)sn 84028464</subfield></datafield><datafield ind1="0" ind2="0" tag="780"><subfield code="t">Youngstown weekly telegram (Youngstown, Ohio : 1895)</subfield><subfield code="w">(DLC)sn 88078382</subfield></datafield><datafield ind1="0" ind2="0" tag="785"><subfield code="t">Youngstown telegram (Youngstown, Ohio : 1898)</subfield><subfield code="w">(DLC)sn 88078380</subfield></datafield></record>